<record><leader>00000cas a2200000 a 4500</leader><controlfield tag="001">39384423</controlfield><controlfield tag="008">980702d19001971miuwr n       0    0eng c</controlfield><datafield ind1=" " ind2=" " tag="010"><subfield code="a">sn 98066381 </subfield></datafield><datafield ind1=" " ind2=" " tag="040"><subfield code="a">MHN</subfield><subfield code="b">eng</subfield><subfield code="c">MHN</subfield><subfield code="d">OCL</subfield><subfield code="d">MHN</subfield><subfield code="d">OCLCQ</subfield><subfield code="d">OCLCO</subfield></datafield><datafield ind1="1" ind2=" " tag="029"><subfield code="a">AU@</subfield><subfield code="b">000014094756</subfield></datafield><datafield ind1=" " ind2=" " tag="042"><subfield code="a">pcc</subfield></datafield><datafield ind1=" " ind2=" " tag="043"><subfield code="a">n-us-mi</subfield></datafield><datafield ind1="0" ind2="4" tag="245"><subfield code="a">The Redford record.</subfield></datafield><datafield ind1=" " ind2=" " tag="260"><subfield code="a">Redford, Mich. :</subfield><subfield code="b">C.D. Potter, etc.</subfield></datafield><datafield ind1=" " ind2=" " tag="300"><subfield code="a">v.</subfield></datafield><datafield ind1=" " ind2=" " tag="310"><subfield code="a">Weekly</subfield></datafield><datafield ind1="0" ind2=" " tag="362"><subfield code="a">-v.71, no. 38 (Sept. 22, 1971).</subfield></datafield><datafield ind1="1" ind2=" " tag="362"><subfield code="a">Began in 1900.</subfield></datafield><datafield ind1=" " ind2=" " tag="500"><subfield code="a">Issue called: Memorial ed.: May 23, 1946.</subfield></datafield><datafield ind1=" " ind2=" " tag="500"><subfield code="a">Redford became part of Detroit in 1926.</subfield></datafield><datafield ind1=" " ind2=" " tag="515"><subfield code="a">Issue called: 41st yr., vol. 40, no. 5 (Feb. 6, 1938) but constitutes Feb. 6, 1940.</subfield></datafield><datafield ind1=" " ind2=" " tag="588"><subfield code="a">Description based on: Vol. 10, no. 33 (Aug. 6, 1910).</subfield></datafield><datafield ind1=" " ind2="0" tag="651"><subfield code="a">Redford (Mich.)</subfield><subfield code="v">Newspapers.</subfield></datafield><datafield ind1=" " ind2="0" tag="651"><subfield code="a">Redford (Detroit, Mich.)</subfield><subfield code="v">Newspapers.</subfield></datafield><datafield ind1=" " ind2="0" tag="651"><subfield code="a">Detroit (Mich.)</subfield><subfield code="v">Newspapers.</subfield></datafield><datafield ind1=" " ind2="0" tag="651"><subfield code="a">Wayne County (Mich.)</subfield><subfield code="v">Newspapers.</subfield></datafield><datafield ind1=" " ind2=" " tag="752"><subfield code="a">United States</subfield><subfield code="b">Michigan</subfield><subfield code="c">Wayne</subfield><subfield code="d">Redford.</subfield></datafield><datafield ind1=" " ind2=" " tag="752"><subfield code="a">United States</subfield><subfield code="b">Michigan</subfield><subfield code="c">Wayne</subfield><subfield code="d">Detroit.</subfield></datafield><datafield ind1="0" ind2="0" tag="785"><subfield code="t">Suburban news (Detroit, Mich. : Redford record ed.)</subfield><subfield code="w">(DLC)sn2002062243</subfield><subfield code="w">(OCoLC)new</subfield></datafield></record>